<record><leader>00000cas a22000007a 4500</leader><controlfield tag="001">26037164</controlfield><controlfield tag="008">920617d18431845ctudn ne      0    0eng d</controlfield><datafield ind1=" " ind2=" " tag="010"><subfield code="a">sn 92051288 </subfield></datafield><datafield ind1=" " ind2=" " tag="040"><subfield code="a">CNW</subfield><subfield code="b">eng</subfield><subfield code="c">CNW</subfield><subfield code="d">OCL</subfield><subfield code="d">OCLCQ</subfield><subfield code="d">OCLCF</subfield><subfield code="d">OCLCO</subfield></datafield><datafield ind1="1" ind2=" " tag="029"><subfield code="a">AU@</subfield><subfield code="b">000020125921</subfield></datafield><datafield ind1=" " ind2=" " tag="042"><subfield code="a">msc</subfield></datafield><datafield ind1=" " ind2=" " tag="043"><subfield code="a">n-us-ct</subfield></datafield><datafield ind1="0" ind2="0" tag="245"><subfield code="a">Hartford evening journal.</subfield></datafield><datafield ind1="3" ind2="0" tag="246"><subfield code="a">Hartford journal</subfield></datafield><datafield ind1="1" ind2="3" tag="246"><subfield code="a">Hartford daily journal</subfield><subfield code="f">May 22, 1844-1845</subfield></datafield><datafield ind1=" " ind2=" " tag="260"><subfield code="a">Hartford, Conn. :</subfield><subfield code="b">Elihu Geer</subfield></datafield><datafield ind1=" " ind2=" " tag="300"><subfield code="a">v.</subfield></datafield><datafield ind1=" " ind2=" " tag="310"><subfield code="a">Daily (except Sun.)</subfield></datafield><datafield ind1="0" ind2=" " tag="362"><subfield code="a">Vol. 1, no. 16 (Nov. 18, 1843)-v.3, no. 379 (Jan. 30, 1845).</subfield></datafield><datafield ind1=" " ind2=" " tag="500"><subfield code="a">"Evening" appears within title ornament.</subfield></datafield><datafield ind1=" " ind2=" " tag="500"><subfield code="a">Editors: E.G. Squier, Elihu Geer.</subfield></datafield><datafield ind1=" " ind2="0" tag="651"><subfield code="a">Hartford (Conn.)</subfield><subfield code="v">Newspapers.</subfield></datafield><datafield ind1=" " ind2="7" tag="655"><subfield code="a">Newspapers.</subfield><subfield code="2">fast</subfield><subfield code="0">(OCoLC)fst01423814</subfield></datafield><datafield ind1=" " ind2="7" tag="651"><subfield code="a">Connecticut</subfield><subfield code="z">Hartford.</subfield><subfield code="2">fast</subfield><subfield code="0">(OCoLC)fst01207441</subfield></datafield><datafield ind1=" " ind2=" " tag="752"><subfield code="a">United States</subfield><subfield code="b">Connecticut</subfield><subfield code="c">Hartford</subfield><subfield code="d">Hartford.</subfield></datafield><datafield ind1="0" ind2=" " tag="775"><subfield code="t">Hartford weekly journal</subfield><subfield code="w">(DLC)sn 88074035</subfield><subfield code="w">(OCoLC)17307186</subfield></datafield><datafield ind1="0" ind2="0" tag="780"><subfield code="t">Hartford journal (Hartford, Conn. : 1843)</subfield><subfield code="w">(DLC)sn 82014532</subfield><subfield code="w">(OCoLC)8791358</subfield></datafield><datafield ind1="0" ind2="4" tag="785"><subfield code="t">Hartford daily courant</subfield><subfield code="w">(DLC)sn 82015204</subfield><subfield code="w">(OCoLC)8807799</subfield><subfield code="w">(OCoLC)8807799</subfield></datafield></record>